@article{1,
  title={Carath{\'e}odory approximations and stability of solutions to non-Lipschitz stochastic fractional differential equations of It{\^o}-Doob type},
  author={Abouagwa, Mahmoud and Liu, Jicheng and Li, Ji},
  journal={Applied Mathematics and Computation},
  volume={329},
  pages={143--153},
  year={2018},
  publisher={Elsevier}
}


@article{12,
  title={Stochastic fractional differential equations: Modeling, method and analysis},
  author={Pedjeu, Jean-C and Ladde, Gangaram S},
  journal={Chaos, Solitons \& Fractals},
  volume={45},
  number={3},
  pages={279--293},
  year={2012},
  publisher={Elsevier}
}

@article{26,
  title={On the successive approximation of solutions of stochastic differential equations},
  author={Yamada, Toshio},
  journal={Journal of Mathematics of Kyoto University},
  volume={21},
  number={3},
  pages={501--515},
  year={1981},
  publisher={Duke University Press}
}

@article{6,
  title={A limit theorem for the solutions of differential equations with random right-hand sides},
  author={Khas’ minskii, Rafail Z},
  journal={Theory of Probability \& Its Applications},
  volume={11},
  number={3},
  pages={390--406},
  year={1966},
  publisher={SIAM}
}

@article{7,
  title={On the principle of averaging the Itov's stochastic differential equations.},
  author={Khasminskij, RZ},
  journal={Kybernetika},
  volume={4},
  number={3},
  pages={260--279},
  year={1968}
}

@article{8,
  title={Averaging of stochastic systems of integral-differential equations with≪ Poisson noise≫},
  author={Kolomiets, VG and Mel'nikov, AI},
  journal={Ukrainian Mathematical Journal},
  volume={43},
  number={2},
  pages={242--246},
  year={1991},
  publisher={Springer}
}

@article{11,
  title={A veraging principle for multivalued stochastic differential equations},
  author={N'GORAN, Louis and N'ZI, Modeste},
  year={2001},
  publisher={Walter de Gruyter, Berlin/New York Berlin, New York}
}

@article{16,
  title={The averaging method for a class of stochastic differential equations},
  author={Stoyanov, IM and Bainov, DD},
  journal={Ukrainian Mathematical Journal},
  volume={26},
  number={2},
  pages={186--194},
  year={1974},
  publisher={Springer}
}

@article{13,
  title={Stochastic averaging for a class of two-time-scale systems of stochastic partial differential equations},
  author={Pei, Bin and Xu, Yong and Yin, George},
  journal={Nonlinear Analysis},
  volume={160},
  pages={159--176},
  year={2017},
  publisher={Elsevier}
}

@article{20,
  title={An averaging principle for stochastic dynamical systems with L{\'e}vy noise},
  author={Xu, Yong and Duan, Jinqiao and Xu, Wei},
  journal={Physica D: Nonlinear Phenomena},
  volume={240},
  number={17},
  pages={1395--1401},
  year={2011},
  publisher={Elsevier}
}

@article{21,
  title={An averaging principle for multivalued stochastic differential equations},
  author={Xu, Jie and Liu, Jicheng},
  journal={Stochastic Analysis and Applications},
  volume={32},
  number={6},
  pages={962--974},
  year={2014},
  publisher={Taylor \& Francis}
}

@article{14,
  title={Averaging principles for SPDEs driven by fractional Brownian motions with random delays modulated by two-time-scale Markov switching processes},
  author={Pei, Bin and Xu, Yong and Yin, George},
  journal={Stochastics and Dynamics},
  volume={18},
  number={04},
  pages={1850023},
  year={2018},
  publisher={World Scientific}
}

@article{3,
  title={Stochastic averaging principles for multi-valued stochastic differential equations driven by Poisson point processes},
  author={Guo, Rong and Pei, Bin},
  journal={Stochastic Analysis and Applications},
  volume={36},
  number={4},
  pages={751--766},
  year={2018},
  publisher={Taylor \& Francis}
}

@article{19,
  title={Stochastic averaging principle for dynamical systems with fractional Brownian motion},
  author={Xu, Yong and Guo, Rong and Liu, Di and Zhang, Huiqing and Duan, Jinqiao},
  journal={arXiv preprint arXiv:1301.4788},
  year={2013}
}



@article{22,
  title={Stochastic averaging for slow-fast dynamical systems with fractional Brownian motion},
  author={Xu, Yong and Pei, Bin and Guo, Rong},
  journal={Discrete \& Continuous Dynamical Systems-B},
  volume={20},
  number={7},
  pages={2257},
  year={2015},
  publisher={American Institute of Mathematical Sciences}
}


@inproceedings{23,
  title={An averaging principle for stochastic differential delay equations with fractional Brownian motion},
  author={Xu, Yong and Pei, Bin and Li, Yongge},
  booktitle={Abstract and Applied Analysis},
  volume={2014},
  year={2014},
  organization={Hindawi}
}


@article{24,
  title={Approximation properties for solutions to non-Lipschitz stochastic differential equations with L{\'e}vy noise},
  author={Xu, Yong and Pei, Bin and Li, Yongge},
  journal={Mathematical Methods in the Applied Sciences},
  volume={38},
  number={11},
  pages={2120--2131},
  year={2015},
  publisher={Wiley Online Library}
}

@article{25,
  title={Stochastic averaging principle for differential equations with non-Lipschitz coefficients driven by fractional Brownian motion},
  author={Xu, Yong and Pei, Bin and Wu, Jiang-Lun},
  journal={Stochastics and Dynamics},
  volume={17},
  number={02},
  pages={1750013},
  year={2017},
  publisher={World Scientific}
}

@article{17,
  title={The averaging method for stochastic differential delay equations under non-Lipschitz conditions},
  author={Tan, Li and Lei, Dingyou},
  journal={Advances in Difference Equations},
  volume={2013},
  number={1},
  pages={1--12},
  year={2013},
  publisher={SpringerOpen}
}


@article{18,
  title={Successive approximations to solutions of stochastic differential equations},
  author={Taniguchi, Takeshi},
  journal={Journal of Differential Equations},
  volume={96},
  number={1},
  pages={152--169},
  year={1992},
  publisher={Elsevier}
}

@article{2,
  title={Sobolev-type fractional stochastic differential equations with non-Lipschitz coefficients},
  author={Benchaabane, Abbes and Sakthivel, Rathinasamy},
  journal={Journal of Computational and Applied Mathematics},
  volume={312},
  pages={65--73},
  year={2017},
  publisher={Elsevier}
}

@article{abouagwa2019approximation,
  title={Approximation properties for solutions to It{\^o}--Doob stochastic fractional differential equations with non-Lipschitz coefficients},
  author={Abouagwa, Mahmoud and Li, Ji},
  journal={Stochastics and Dynamics},
  volume={19},
  number={04},
  pages={1950029},
  year={2019},
  publisher={World Scientific}
}

@article{krylov1937proprietes,
  title={Les proprietes ergodiques des suites des probabilites en chaine},
  author={Krylov, NM and Bogolyubov, NN},
  journal={CR Math. Acad. Sci},
  volume={204},
  pages={1454--1546},
  year={1937}
}

@article{stoyanov1974averaging,
  title={The averaging method for a class of stochastic differential equations},
  author={Stoyanov, IM and Bainov, DD},
  journal={Ukrainian Mathematical Journal},
  volume={26},
  number={2},
  pages={186--194},
  year={1974},
  publisher={Springer}
}

@article{mao2003numerical,
  title={Numerical solutions of stochastic functional differential equations},
  author={Mao, Xuerong},
  journal={LMS journal of computation and mathematics},
  volume={6},
  pages={141--161},
  year={2003},
  publisher={Cambridge University Press}
}

@book{mao2007stochastic,
  title={Stochastic differential equations and applications},
  author={Mao, Xuerong},
  year={2007},
  publisher={Elsevier}
}